<?xml version="1.0" encoding="UTF-8"?><collection xmlns="http://www.loc.gov/MARC21/slim"><record><leader>00421nam--2200145-i-4500</leader><controlfield tag="001">000021060</controlfield><controlfield tag="002">20161230</controlfield><controlfield tag="005">20170127212349</controlfield><controlfield tag="008">060222s1000------------r-----000-0-eng-d</controlfield><datafield ind1=" " ind2=" " tag="080"><subfield code="a">061.6</subfield></datafield><datafield ind1=" " ind2=" " tag="245"><subfield code="a">Harwell. The British atomic energy research illustrated establishement. 1946-1951</subfield></datafield><datafield ind1=" " ind2=" " tag="260"><subfield code="a">London</subfield><subfield code="b">Her Majesty`S Stationary Office</subfield><subfield code="c">1952</subfield></datafield><datafield ind1=" " ind2=" " tag="300"><subfield code="a">128 p. + 10pl</subfield></datafield><datafield ind1=" " ind2=" " tag="852"><subfield code="a">10207</subfield></datafield><datafield ind1=" " ind2=" " tag="CAT"><subfield code="a">SYS</subfield><subfield code="c">20170127</subfield><subfield code="h">212349</subfield></datafield></record></collection>